<record><leader>00000cas a22000007a 4500</leader><controlfield tag="001">14077979</controlfield><controlfield tag="008">860812d19081908mtuwr ne      0    0eng d</controlfield><datafield ind1=" " ind2=" " tag="010"><subfield code="a">sn 86075292 </subfield></datafield><datafield ind1=" " ind2=" " tag="040"><subfield code="a">MTL</subfield><subfield code="b">eng</subfield><subfield code="c">MTL</subfield><subfield code="d">OCLCQ</subfield></datafield><datafield ind1=" " ind2=" " tag="042"><subfield code="a">msc</subfield></datafield><datafield ind1="0" ind2="0" tag="245"><subfield code="a">Bitter Root journal.</subfield></datafield><datafield ind1=" " ind2=" " tag="260"><subfield code="a">Victor, Mont. :</subfield><subfield code="b">Bitter Root Journal Co.</subfield></datafield><datafield ind1=" " ind2=" " tag="300"><subfield code="a">1 v. :</subfield><subfield code="b">ill.</subfield></datafield><datafield ind1=" " ind2=" " tag="310"><subfield code="a">Weekly</subfield></datafield><datafield ind1=" " ind2=" " tag="588"><subfield code="a">Description based on: Vol. 1, no. 13 (Aug. 6, 1908).</subfield></datafield><datafield ind1=" " ind2=" " tag="752"><subfield code="a">United States</subfield><subfield code="b">Montana</subfield><subfield code="c">Ravalli</subfield><subfield code="d">Victor.</subfield></datafield><datafield ind1="0" ind2="4" tag="785"><subfield code="t">Stevensville register</subfield><subfield code="g">Aug. 20, 1908</subfield></datafield></record>